@inproceedings{eigenface1,
  title={Face recognition using eigenfaces},
  author={Turk, Matthew A and Pentland, Alex P},
  booktitle={Proceedings. 1991 IEEE Computer Society Conference on Computer Vision and Pattern Recognition},
  pages={586--591},
  year={1991},
  organization={IEEE}
}

@inproceedings{eigenface2,
  title={Eigenfaces for recognition},
  author={Turk, Matthew and Pentland, Alex},
  journal={Journal of cognitive neuroscience},
  volume={3},
  number={1},
  pages={71--86},
  year={1991},
  publisher={MIT Press}
}